%YAML 1.1
%TAG !u! tag:unity3d.com,2011:
--- !u!1 &7834957801729548929
GameObject:
  m_ObjectHideFlags: 0
  m_CorrespondingSourceObject: {fileID: 0}
  m_PrefabInstance: {fileID: 0}
  m_PrefabAsset: {fileID: 0}
  serializedVersion: 6
  m_Component:
  - component: {fileID: 1690917622532217012}
  - component: {fileID: 535567691559803793}
  - component: {fileID: 3421454279589978244}
  - component: {fileID: 1075423394502831571}
  - component: {fileID: 728419626783124128}
  - component: {fileID: 4355212178448462627}
  - component: {fileID: 7834957801729548930}
  - component: {fileID: 7834957801729548931}
  m_Layer: 7
  m_Name: ButtonDecline
  m_TagString: Interactable
  m_Icon: {fileID: 0}
  m_NavMeshLayer: 0
  m_StaticEditorFlags: 0
  m_IsActive: 1
--- !u!4 &1690917622532217012
Transform:
  m_ObjectHideFlags: 0
  m_CorrespondingSourceObject: {fileID: 0}
  m_PrefabInstance: {fileID: 0}
  m_PrefabAsset: {fileID: 0}
  m_GameObject: {fileID: 7834957801729548929}
  m_LocalRotation: {x: -0, y: 0.76604986, z: -0, w: -0.64278114}
  m_LocalPosition: {x: -174.792, y: 1.470982, z: -54.67}
  m_LocalScale: {x: 1, y: 1, z: 0.073692}
  m_Children: []
  m_Father: {fileID: 0}
  m_RootOrder: 0
  m_LocalEulerAnglesHint: {x: 0, y: 259.999, z: 0}
--- !u!114 &535567691559803793
MonoBehaviour:
  m_ObjectHideFlags: 0
  m_CorrespondingSourceObject: {fileID: 0}
  m_PrefabInstance: {fileID: 0}
  m_PrefabAsset: {fileID: 0}
  m_GameObject: {fileID: 7834957801729548929}
  m_Enabled: 1
  m_EditorHideFlags: 0
  m_Script: {fileID: 11500000, guid: 8233d90336aea43098adf6dbabd606a2, type: 3}
  m_Name: 
  m_EditorClassIdentifier: 
  m_MeshFormatVersion: 2
  m_Faces:
  - m_Indexes: 000000000100000002000000010000000300000002000000
    m_SmoothingGroup: 0
    m_Uv:
      m_UseWorldSpace: 0
      m_FlipU: 0
      m_FlipV: 0
      m_SwapUV: 0
      m_Fill: 1
      m_Scale: {x: 1, y: 1}
      m_Offset: {x: 0, y: 0}
      m_Rotation: 0
      m_Anchor: 9
    m_Material: {fileID: 0}
    m_SubmeshIndex: 0
    m_ManualUV: 0
    elementGroup: -1
    m_TextureGroup: -1
  - m_Indexes: 040000000500000006000000050000000700000006000000
    m_SmoothingGroup: 0
    m_Uv:
      m_UseWorldSpace: 0
      m_FlipU: 0
      m_FlipV: 0
      m_SwapUV: 0
      m_Fill: 1
      m_Scale: {x: 1, y: 1}
      m_Offset: {x: 0, y: 0}
      m_Rotation: 0
      m_Anchor: 9
    m_Material: {fileID: 0}
    m_SubmeshIndex: 1
    m_ManualUV: 0
    elementGroup: -1
    m_TextureGroup: -1
  - m_Indexes: 08000000090000000a000000090000000b0000000a000000
    m_SmoothingGroup: 0
    m_Uv:
      m_UseWorldSpace: 0
      m_FlipU: 0
      m_FlipV: 0
      m_SwapUV: 0
      m_Fill: 1
      m_Scale: {x: 1, y: 1}
      m_Offset: {x: 0, y: 0}
      m_Rotation: 0
      m_Anchor: 9
    m_Material: {fileID: 0}
    m_SubmeshIndex: 0
    m_ManualUV: 0
    elementGroup: -1
    m_TextureGroup: -1
  - m_Indexes: 0c0000000d0000000e0000000d0000000f0000000e000000
    m_SmoothingGroup: 0
    m_Uv:
      m_UseWorldSpace: 0
      m_FlipU: 0
      m_FlipV: 0
      m_SwapUV: 0
      m_Fill: 1
      m_Scale: {x: 1, y: 1}
      m_Offset: {x: 0, y: 0}
      m_Rotation: 0
      m_Anchor: 9
    m_Material: {fileID: 0}
    m_SubmeshIndex: 1
    m_ManualUV: 0
    elementGroup: -1
    m_TextureGroup: -1
  - m_Indexes: 100000001100000012000000110000001300000012000000
    m_SmoothingGroup: 0
    m_Uv:
      m_UseWorldSpace: 0
      m_FlipU: 0
      m_FlipV: 0
      m_SwapUV: 0
      m_Fill: 1
      m_Scale: {x: 1, y: 1}
      m_Offset: {x: 0, y: 0}
      m_Rotation: 0
      m_Anchor: 9
    m_Material: {fileID: 0}
    m_SubmeshIndex: 1
    m_ManualUV: 0
    elementGroup: -1
    m_TextureGroup: -1
  - m_Indexes: 140000001500000016000000150000001700000016000000
    m_SmoothingGroup: 0
    m_Uv:
      m_UseWorldSpace: 0
      m_FlipU: 0
      m_FlipV: 0
      m_SwapUV: 0
      m_Fill: 1
      m_Scale: {x: 1, y: 1}
      m_Offset: {x: 0, y: 0}
      m_Rotation: 0
      m_Anchor: 9
    m_Material: {fileID: 0}
    m_SubmeshIndex: 1
    m_ManualUV: 0
    elementGroup: -1
    m_TextureGroup: -1
  - m_Indexes: 18000000190000001a000000190000001b0000001a000000
    m_SmoothingGroup: 0
    m_Uv:
      m_UseWorldSpace: 0
      m_FlipU: 0
      m_FlipV: 0
      m_SwapUV: 0
      m_Fill: 1
      m_Scale: {x: 1, y: 1}
      m_Offset: {x: 0, y: 0}
      m_Rotation: 0
      m_Anchor: 9
    m_Material: {fileID: 0}
    m_SubmeshIndex: 0
    m_ManualUV: 0
    elementGroup: -1
    m_TextureGroup: -1
  - m_Indexes: 1c0000001d0000001e0000001d0000001f0000001e000000
    m_SmoothingGroup: 0
    m_Uv:
      m_UseWorldSpace: 0
      m_FlipU: 0
      m_FlipV: 0
      m_SwapUV: 0
      m_Fill: 1
      m_Scale: {x: 1, y: 1}
      m_Offset: {x: 0, y: 0}
      m_Rotation: 0
      m_Anchor: 9
    m_Material: {fileID: 0}
    m_SubmeshIndex: 1
    m_ManualUV: 0
    elementGroup: -1
    m_TextureGroup: -1
  - m_Indexes: 200000002100000022000000210000002300000022000000
    m_SmoothingGroup: 0
    m_Uv:
      m_UseWorldSpace: 0
      m_FlipU: 0
      m_FlipV: 0
      m_SwapUV: 0
      m_Fill: 1
      m_Scale: {x: 1, y: 1}
      m_Offset: {x: 0, y: 0}
      m_Rotation: 0
      m_Anchor: 9
    m_Material: {fileID: 0}
    m_SubmeshIndex: 1
    m_ManualUV: 0
    elementGroup: -1
    m_TextureGroup: -1
  - m_Indexes: 240000002500000026000000250000002700000026000000
    m_SmoothingGroup: 0
    m_Uv:
      m_UseWorldSpace: 0
      m_FlipU: 0
      m_FlipV: 0
      m_SwapUV: 0
      m_Fill: 1
      m_Scale: {x: 1, y: 1}
      m_Offset: {x: 0, y: 0}
      m_Rotation: 0
      m_Anchor: 9
    m_Material: {fileID: 0}
    m_SubmeshIndex: 0
    m_ManualUV: 0
    elementGroup: -1
    m_TextureGroup: -1
  - m_Indexes: 28000000290000002a000000290000002b0000002a000000
    m_SmoothingGroup: 0
    m_Uv:
      m_UseWorldSpace: 0
      m_FlipU: 0
      m_FlipV: 0
      m_SwapUV: 0
      m_Fill: 1
      m_Scale: {x: 1, y: 1}
      m_Offset: {x: 0, y: 0}
      m_Rotation: 0
      m_Anchor: 9
    m_Material: {fileID: 0}
    m_SubmeshIndex: 0
    m_ManualUV: 0
    elementGroup: -1
    m_TextureGroup: -1
  - m_Indexes: 2c0000002d0000002e0000002d0000002f0000002e000000
    m_SmoothingGroup: 0
    m_Uv:
      m_UseWorldSpace: 0
      m_FlipU: 0
      m_FlipV: 0
      m_SwapUV: 0
      m_Fill: 1
      m_Scale: {x: 1, y: 1}
      m_Offset: {x: 0, y: 0}
      m_Rotation: 0
      m_Anchor: 9
    m_Material: {fileID: 0}
    m_SubmeshIndex: 1
    m_ManualUV: 0
    elementGroup: -1
    m_TextureGroup: -1
  - m_Indexes: 300000003100000032000000310000003300000032000000
    m_SmoothingGroup: 0
    m_Uv:
      m_UseWorldSpace: 0
      m_FlipU: 0
      m_FlipV: 0
      m_SwapUV: 0
      m_Fill: 1
      m_Scale: {x: 1, y: 1}
      m_Offset: {x: 0, y: 0}
      m_Rotation: 0
      m_Anchor: 9
    m_Material: {fileID: 0}
    m_SubmeshIndex: 1
    m_ManualUV: 0
    elementGroup: -1
    m_TextureGroup: -1
  - m_Indexes: 340000003500000036000000350000003700000036000000
    m_SmoothingGroup: 0
    m_Uv:
      m_UseWorldSpace: 0
      m_FlipU: 0
      m_FlipV: 0
      m_SwapUV: 0
      m_Fill: 1
      m_Scale: {x: 1, y: 1}
      m_Offset: {x: 0, y: 0}
      m_Rotation: 0
      m_Anchor: 9
    m_Material: {fileID: 0}
    m_SubmeshIndex: 0
    m_ManualUV: 0
    elementGroup: -1
    m_TextureGroup: -1
  - m_Indexes: 38000000390000003a000000390000003b0000003a000000
    m_SmoothingGroup: 0
    m_Uv:
      m_UseWorldSpace: 0
      m_FlipU: 0
      m_FlipV: 0
      m_SwapUV: 0
      m_Fill: 1
      m_Scale: {x: 1, y: 1}
      m_Offset: {x: 0, y: 0}
      m_Rotation: 0
      m_Anchor: 9
    m_Material: {fileID: 0}
    m_SubmeshIndex: 0
    m_ManualUV: 0
    elementGroup: -1
    m_TextureGroup: -1
  - m_Indexes: 3c0000003d0000003e0000003d0000003f0000003e000000
    m_SmoothingGroup: 0
    m_Uv:
      m_UseWorldSpace: 0
      m_FlipU: 0
      m_FlipV: 0
      m_SwapUV: 0
      m_Fill: 1
      m_Scale: {x: 1, y: 1}
      m_Offset: {x: 0, y: 0}
      m_Rotation: 0
      m_Anchor: 9
    m_Material: {fileID: 0}
    m_SubmeshIndex: 1
    m_ManualUV: 0
    elementGroup: -1
    m_TextureGroup: -1
  - m_Indexes: 400000004100000042000000410000004300000042000000
    m_SmoothingGroup: 0
    m_Uv:
      m_UseWorldSpace: 0
      m_FlipU: 0
      m_FlipV: 0
      m_SwapUV: 0
      m_Fill: 1
      m_Scale: {x: 1, y: 1}
      m_Offset: {x: 0, y: 0}
      m_Rotation: 0
      m_Anchor: 9
    m_Material: {fileID: 0}
    m_SubmeshIndex: 1
    m_ManualUV: 0
    elementGroup: -1
    m_TextureGroup: -1
  - m_Indexes: 440000004500000046000000450000004700000046000000
    m_SmoothingGroup: 0
    m_Uv:
      m_UseWorldSpace: 0
      m_FlipU: 0
      m_FlipV: 0
      m_SwapUV: 0
      m_Fill: 1
      m_Scale: {x: 1, y: 1}
      m_Offset: {x: 0, y: 0}
      m_Rotation: 0
      m_Anchor: 9
    m_Material: {fileID: 0}
    m_SubmeshIndex: 0
    m_ManualUV: 0
    elementGroup: -1
    m_TextureGroup: -1
  - m_Indexes: 48000000490000004a000000490000004b0000004a000000
    m_SmoothingGroup: 0
    m_Uv:
      m_UseWorldSpace: 0
      m_FlipU: 0
      m_FlipV: 0
      m_SwapUV: 0
      m_Fill: 1
      m_Scale: {x: 1, y: 1}
      m_Offset: {x: 0, y: 0}
      m_Rotation: 0
      m_Anchor: 9
    m_Material: {fileID: 0}
    m_SubmeshIndex: 1
    m_ManualUV: 0
    elementGroup: -1
    m_TextureGroup: -1
  - m_Indexes: 4c0000004d0000004e0000004d0000004f0000004e000000
    m_SmoothingGroup: 0
    m_Uv:
      m_UseWorldSpace: 0
      m_FlipU: 0
      m_FlipV: 0
      m_SwapUV: 0
      m_Fill: 1
      m_Scale: {x: 1, y: 1}
      m_Offset: {x: 0, y: 0}
      m_Rotation: 0
      m_Anchor: 9
    m_Material: {fileID: 0}
    m_SubmeshIndex: 0
    m_ManualUV: 0
    elementGroup: -1
    m_TextureGroup: -1
  - m_Indexes: 500000005100000052000000510000005300000052000000
    m_SmoothingGroup: 0
    m_Uv:
      m_UseWorldSpace: 0
      m_FlipU: 0
      m_FlipV: 0
      m_SwapUV: 0
      m_Fill: 1
      m_Scale: {x: 1, y: 1}
      m_Offset: {x: 0, y: 0}
      m_Rotation: 0
      m_Anchor: 9
    m_Material: {fileID: 0}
    m_SubmeshIndex: 1
    m_ManualUV: 0
    elementGroup: -1
    m_TextureGroup: -1
  - m_Indexes: 540000005500000056000000550000005700000056000000
    m_SmoothingGroup: 0
    m_Uv:
      m_UseWorldSpace: 0
      m_FlipU: 0
      m_FlipV: 0
      m_SwapUV: 0
      m_Fill: 1
      m_Scale: {x: 1, y: 1}
      m_Offset: {x: 0, y: 0}
      m_Rotation: 0
      m_Anchor: 9
    m_Material: {fileID: 0}
    m_SubmeshIndex: 0
    m_ManualUV: 0
    elementGroup: -1
    m_TextureGroup: -1
  m_SharedVertices:
  - m_Vertices: 000000002500000034000000
  - m_Vertices: 0d000000160000002700000036000000
  - m_Vertices: 010000002400000029000000
  - m_Vertices: 0400000017000000260000002b000000
  - m_Vertices: 020000001800000035000000
  - m_Vertices: 0f000000100000001a00000037000000
  - m_Vertices: 030000001900000028000000
  - m_Vertices: 06000000110000001b0000002a000000
  - m_Vertices: 05000000150000003d00000050000000
  - m_Vertices: 1f0000002e0000003f00000052000000
  - m_Vertices: 080000004d00000054000000
  - m_Vertices: 1d0000002c0000004f00000056000000
  - m_Vertices: 07000000130000003c00000041000000
  - m_Vertices: 220000002f0000003e00000043000000
  - m_Vertices: 0a0000003800000055000000
  - m_Vertices: 200000002d0000003a00000057000000
  - m_Vertices: 09000000450000004c000000
  - m_Vertices: 1c00000031000000470000004e000000
  - m_Vertices: 0c000000140000004800000051000000
  - m_Vertices: 1e000000330000004a00000053000000
  - m_Vertices: 0b0000003900000044000000
  - m_Vertices: 21000000300000003b00000046000000
  - m_Vertices: 0e000000120000004000000049000000
  - m_Vertices: 2300000032000000420000004b000000
  m_SharedTextures: []
  m_Positions:
  - {x: 0, y: 0, z: 0}
  - {x: 0.25, y: 0, z: 0}
  - {x: 0, y: 0.25, z: 0}
  - {x: 0.25, y: 0.25, z: 0}
  - {x: 0.3802042, y: -0.13020408, z: 0.038042545}
  - {x: 0.3802042, y: -0.13020408, z: -0.28804255}
  - {x: 0.3802042, y: 0.38020408, z: 0.038042545}
  - {x: 0.3802042, y: 0.38020408, z: -0.28804255}
  - {x: 0.25, y: 0, z: -0.25}
  - {x: 0, y: 0, z: -0.25}
  - {x: 0.25, y: 0.25, z: -0.25}
  - {x: 0, y: 0.25, z: -0.25}
  - {x: -0.1302042, y: -0.13020408, z: -0.28804255}
  - {x: -0.1302042, y: -0.13020408, z: 0.038042545}
  - {x: -0.1302042, y: 0.38020408, z: -0.28804255}
  - {x: -0.1302042, y: 0.38020408, z: 0.038042545}
  - {x: -0.1302042, y: 0.38020408, z: 0.038042545}
  - {x: 0.3802042, y: 0.38020408, z: 0.038042545}
  - {x: -0.1302042, y: 0.38020408, z: -0.28804255}
  - {x: 0.3802042, y: 0.38020408, z: -0.28804255}
  - {x: -0.1302042, y: -0.13020408, z: -0.28804255}
  - {x: 0.3802042, y: -0.13020408, z: -0.28804255}
  - {x: -0.1302042, y: -0.13020408, z: 0.038042545}
  - {x: 0.3802042, y: -0.13020408, z: 0.038042545}
  - {x: 0, y: 0.25, z: 0}
  - {x: 0.25, y: 0.25, z: 0}
  - {x: -0.1302042, y: 0.38020408, z: 0.038042545}
  - {x: 0.3802042, y: 0.38020408, z: 0.038042545}
  - {x: 0.000014781952, y: 0.000014543533, z: -0.30829382}
  - {x: 0.24998522, y: 0.000014543533, z: -0.30829382}
  - {x: -0.13018942, y: -0.13018954, z: -0.34633636}
  - {x: 0.38018942, y: -0.13018954, z: -0.34633636}
  - {x: 0.24998522, y: 0.24998534, z: -0.30829382}
  - {x: 0.000014781952, y: 0.24998534, z: -0.30829382}
  - {x: 0.38018942, y: 0.38018954, z: -0.34633636}
  - {x: -0.13018942, y: 0.38018954, z: -0.34633636}
  - {x: 0.25, y: 0, z: 0}
  - {x: 0, y: 0, z: 0}
  - {x: 0.3802042, y: -0.13020408, z: 0.038042545}
  - {x: -0.1302042, y: -0.13020408, z: 0.038042545}
  - {x: 0.25, y: 0.25, z: 0}
  - {x: 0.25, y: 0, z: 0}
  - {x: 0.3802042, y: 0.38020408, z: 0.038042545}
  - {x: 0.3802042, y: -0.13020408, z: 0.038042545}
  - {x: 0.24998522, y: 0.000014543533, z: -0.30829382}
  - {x: 0.24998522, y: 0.24998534, z: -0.30829382}
  - {x: 0.38018942, y: -0.13018954, z: -0.34633636}
  - {x: 0.38018942, y: 0.38018954, z: -0.34633636}
  - {x: 0.000014781952, y: 0.24998534, z: -0.30829382}
  - {x: 0.000014781952, y: 0.000014543533, z: -0.30829382}
  - {x: -0.13018942, y: 0.38018954, z: -0.34633636}
  - {x: -0.13018942, y: -0.13018954, z: -0.34633636}
  - {x: 0, y: 0, z: 0}
  - {x: 0, y: 0.25, z: 0}
  - {x: -0.1302042, y: -0.13020408, z: 0.038042545}
  - {x: -0.1302042, y: 0.38020408, z: 0.038042545}
  - {x: 0.25, y: 0.25, z: -0.25}
  - {x: 0, y: 0.25, z: -0.25}
  - {x: 0.24998522, y: 0.24998534, z: -0.30829382}
  - {x: 0.000014781952, y: 0.24998534, z: -0.30829382}
  - {x: 0.3802042, y: 0.38020408, z: -0.28804255}
  - {x: 0.3802042, y: -0.13020408, z: -0.28804255}
  - {x: 0.38018942, y: 0.38018954, z: -0.34633636}
  - {x: 0.38018942, y: -0.13018954, z: -0.34633636}
  - {x: -0.1302042, y: 0.38020408, z: -0.28804255}
  - {x: 0.3802042, y: 0.38020408, z: -0.28804255}
  - {x: -0.13018942, y: 0.38018954, z: -0.34633636}
  - {x: 0.38018942, y: 0.38018954, z: -0.34633636}
  - {x: 0, y: 0.25, z: -0.25}
  - {x: 0, y: 0, z: -0.25}
  - {x: 0.000014781952, y: 0.24998534, z: -0.30829382}
  - {x: 0.000014781952, y: 0.000014543533, z: -0.30829382}
  - {x: -0.1302042, y: -0.13020408, z: -0.28804255}
  - {x: -0.1302042, y: 0.38020408, z: -0.28804255}
  - {x: -0.13018942, y: -0.13018954, z: -0.34633636}
  - {x: -0.13018942, y: 0.38018954, z: -0.34633636}
  - {x: 0, y: 0, z: -0.25}
  - {x: 0.25, y: 0, z: -0.25}
  - {x: 0.000014781952, y: 0.000014543533, z: -0.30829382}
  - {x: 0.24998522, y: 0.000014543533, z: -0.30829382}
  - {x: 0.3802042, y: -0.13020408, z: -0.28804255}
  - {x: -0.1302042, y: -0.13020408, z: -0.28804255}
  - {x: 0.38018942, y: -0.13018954, z: -0.34633636}
  - {x: -0.13018942, y: -0.13018954, z: -0.34633636}
  - {x: 0.25, y: 0, z: -0.25}
  - {x: 0.25, y: 0.25, z: -0.25}
  - {x: 0.24998522, y: 0.000014543533, z: -0.30829382}
  - {x: 0.24998522, y: 0.24998534, z: -0.30829382}
  m_Textures0:
  - {x: 0, y: 0}
  - {x: -0.25, y: 0}
  - {x: 0, y: 0.25}
  - {x: -0.25, y: 0.25}
  - {x: 0.038042545, y: -0.13020408}
  - {x: -0.28804255, y: -0.13020408}
  - {x: 0.038042545, y: 0.38020408}
  - {x: -0.28804255, y: 0.38020408}
  - {x: 0.25, y: 0}
  - {x: 0, y: 0}
  - {x: 0.25, y: 0.25}
  - {x: 0, y: 0.25}
  - {x: 0.28804255, y: -0.13020408}
  - {x: -0.038042545, y: -0.13020408}
  - {x: 0.28804255, y: 0.38020408}
  - {x: -0.038042545, y: 0.38020408}
  - {x: -0.1302042, y: 0.038042545}
  - {x: 0.3802042, y: 0.038042545}
  - {x: -0.1302042, y: -0.28804255}
  - {x: 0.3802042, y: -0.28804255}
  - {x: 0.1302042, y: -0.28804255}
  - {x: -0.3802042, y: -0.28804255}
  - {x: 0.1302042, y: 0.038042545}
  - {x: -0.3802042, y: 0.038042545}
  - {x: 0, y: 0.23996711}
  - {x: -0.25, y: 0.23996711}
  - {x: 0.1302042, y: 0.37561497}
  - {x: -0.3802042, y: 0.37561497}
  - {x: 0.000014781952, y: -0.086447276}
  - {x: 0.24998522, y: -0.086447276}
  - {x: -0.13018942, y: -0.22209513}
  - {x: 0.38018942, y: -0.22209513}
  - {x: 0.24998522, y: 0.32641423}
  - {x: 0.000014781952, y: 0.32641423}
  - {x: 0.38018942, y: 0.46206218}
  - {x: -0.13018942, y: 0.46206218}
  - {x: -0.25, y: 0}
  - {x: 0, y: 0}
  - {x: -0.3802042, y: -0.13564785}
  - {x: 0.1302042, y: -0.13564785}
  - {x: -0.23996712, y: 0.25}
  - {x: -0.23996712, y: 0}
  - {x: -0.3756151, y: 0.38020408}
  - {x: -0.3756151, y: -0.13020408}
  - {x: 0.3264141, y: 0.000014543533}
  - {x: 0.3264141, y: 0.24998534}
  - {x: 0.4620621, y: -0.13018954}
  - {x: 0.4620621, y: 0.38018954}
  - {x: -0.08644699, y: 0.24998534}
  - {x: -0.08644699, y: 0.000014543533}
  - {x: -0.22209495, y: 0.38018954}
  - {x: -0.22209495, y: -0.13018954}
  - {x: 0, y: 0}
  - {x: 0, y: 0.25}
  - {x: 0.13564797, y: -0.13020408}
  - {x: 0.13564797, y: 0.38020408}
  - {x: -0.25, y: -0.24993712}
  - {x: 0, y: -0.24993712}
  - {x: -0.24998522, y: -0.30823094}
  - {x: -0.000014781952, y: -0.30823094}
  - {x: -0.2879461, y: 0.38020408}
  - {x: -0.2879461, y: -0.13020408}
  - {x: -0.34623992, y: 0.38018954}
  - {x: -0.34623992, y: -0.13018954}
  - {x: -0.1302042, y: -0.28794768}
  - {x: 0.3802042, y: -0.28794768}
  - {x: -0.13018942, y: -0.3462415}
  - {x: 0.38018942, y: -0.3462415}
  - {x: -0.24999999, y: 0.25}
  - {x: -0.24999999, y: 0}
  - {x: -0.30829382, y: 0.24998534}
  - {x: -0.30829382, y: 0.000014543533}
  - {x: 0.28800952, y: -0.13020408}
  - {x: 0.28800952, y: 0.38020408}
  - {x: 0.34630334, y: -0.13018954}
  - {x: 0.34630334, y: 0.38018954}
  - {x: 0, y: -0.25}
  - {x: 0.25, y: -0.25}
  - {x: 0.000014781952, y: -0.30829382}
  - {x: 0.24998522, y: -0.30829382}
  - {x: -0.3802042, y: -0.28801006}
  - {x: 0.1302042, y: -0.28801006}
  - {x: -0.38018942, y: -0.34630388}
  - {x: 0.13018942, y: -0.34630388}
  - {x: 0.2499366, y: 0}
  - {x: 0.2499366, y: 0.25}
  - {x: 0.3082304, y: 0.000014543533}
  - {x: 0.3082304, y: 0.24998534}
  m_Textures2: []
  m_Textures3: []
  m_Tangents:
  - {x: -1, y: 0, z: 0, w: -1}
  - {x: -1, y: 0, z: 0, w: -1}
  - {x: -1, y: 0, z: 0, w: -1}
  - {x: -1, y: 0, z: 0, w: -1}
  - {x: 0, y: 0, z: 1, w: -1}
  - {x: 0, y: 0, z: 1, w: -1}
  - {x: 0, y: 0, z: 1, w: -1}
  - {x: 0, y: 0, z: 1, w: -1}
  - {x: 1, y: 0, z: 0, w: -1}
  - {x: 1, y: 0, z: 0, w: -1}
  - {x: 1, y: 0, z: 0, w: -1}
  - {x: 1, y: 0, z: 0, w: -1}
  - {x: 0, y: 0, z: -1, w: -1}
  - {x: 0, y: 0, z: -1, w: -1}
  - {x: 0, y: 0, z: -1, w: -1}
  - {x: 0, y: 0, z: -1, w: -1}
  - {x: 1, y: 0, z: 0, w: -1}
  - {x: 1, y: 0, z: 0, w: -1}
  - {x: 1, y: 0, z: 0, w: -1}
  - {x: 1, y: 0, z: 0, w: -1}
  - {x: -1, y: 0, z: 0, w: -1}
  - {x: -1, y: 0, z: 0, w: -1}
  - {x: -1, y: 0, z: 0, w: -1}
  - {x: -1, y: 0, z: 0, w: -1}
  - {x: -1, y: 0, z: 0, w: -1}
  - {x: -1, y: 0, z: 0, w: -1}
  - {x: -1, y: 0, z: 0, w: -1}
  - {x: -1, y: 0, z: 0, w: -1}
  - {x: 1, y: 0, z: 0, w: -1}
  - {x: 1, y: 0, z: 0, w: -1}
  - {x: 1, y: 0, z: 0, w: -1}
  - {x: 1, y: 0, z: 0, w: -1}
  - {x: 1, y: 0, z: 0, w: -1}
  - {x: 1, y: 0, z: 0, w: -1}
  - {x: 1, y: 0, z: 0, w: -1}
  - {x: 1, y: 0, z: 0, w: -1}
  - {x: -1, y: 0, z: 0, w: -1}
  - {x: -1, y: 0, z: 0, w: -1}
  - {x: -1, y: 0, z: 0, w: -1}
  - {x: -1, y: 0, z: 0, w: -1}
  - {x: -0.9598685, y: 0, z: -0.28045058, w: -1}
  - {x: -0.9598685, y: 0, z: -0.28045058, w: -1}
  - {x: -0.9598685, y: 0, z: -0.28045058, w: -1}
  - {x: -0.9598685, y: 0, z: -0.28045058, w: -1}
  - {x: 0.9598685, y: 0, z: -0.28045058, w: -1}
  - {x: 0.9598685, y: 0, z: -0.28045058, w: -1}
  - {x: 0.9598685, y: 0, z: -0.28045058, w: -1}
  - {x: 0.9598685, y: 0, z: -0.28045055, w: -1}
  - {x: 0.95986855, y: 0, z: 0.2804506, w: -1}
  - {x: 0.95986855, y: 0, z: 0.2804506, w: -1}
  - {x: 0.95986855, y: 0, z: 0.2804506, w: -1}
  - {x: 0.9598685, y: 0, z: 0.28045055, w: -1}
  - {x: -0.9598685, y: 0, z: 0.28045058, w: -1}
  - {x: -0.9598685, y: 0, z: 0.28045058, w: -1}
  - {x: -0.9598685, y: 0, z: 0.28045058, w: -1}
  - {x: -0.9598685, y: 0, z: 0.28045058, w: -1}
  - {x: -1, y: 0, z: 0, w: -1}
  - {x: -1, y: 0, z: 0, w: -1}
  - {x: -1, y: 0, z: 0, w: -1}
  - {x: -1, y: 0, z: 0, w: -1}
  - {x: 0.00025357667, y: 0, z: 1, w: -1}
  - {x: 0.00025357667, y: 0, z: 1, w: -1}
  - {x: 0.00025357667, y: 0, z: 1, w: -1}
  - {x: 0.00025357667, y: 0, z: 1, w: -1}
  - {x: 1, y: 0, z: 0, w: -1}
  - {x: 1, y: 0, z: 0, w: -1}
  - {x: 1, y: 0, z: 0, w: -1}
  - {x: 1, y: 0, z: 0, w: -1}
  - {x: -0.00025357667, y: 0, z: 1, w: -1}
  - {x: -0.00025357667, y: 0, z: 1, w: -1}
  - {x: -0.00025357667, y: 0, z: 1, w: -1}
  - {x: -0.00025357667, y: 0, z: 1, w: -1}
  - {x: 0.00025357667, y: 0, z: -1, w: -1}
  - {x: 0.00025357667, y: 0, z: -1, w: -1}
  - {x: 0.00025357667, y: 0, z: -1, w: -1}
  - {x: 0.00025357667, y: 0, z: -1, w: -1}
  - {x: 1, y: 0, z: 0, w: -1}
  - {x: 1, y: 0, z: 0, w: -1}
  - {x: 1, y: 0, z: 0, w: -1}
  - {x: 1, y: 0, z: 0, w: -1}
  - {x: -1, y: 0, z: 0, w: -1}
  - {x: -1, y: 0, z: 0, w: -1}
  - {x: -1, y: 0, z: 0, w: -1}
  - {x: -1, y: 0, z: 0, w: -1}
  - {x: -0.00025357667, y: 0, z: -1, w: -1}
  - {x: -0.00025357667, y: 0, z: -1, w: -1}
  - {x: -0.00025357667, y: 0, z: -1, w: -1}
  - {x: -0.00025357667, y: 0, z: -1, w: -1}
  m_Colors: []
  m_UnwrapParameters:
    m_HardAngle: 88
    m_PackMargin: 20
    m_AngleError: 8
    m_AreaError: 15
  m_PreserveMeshAssetOnDestroy: 0
  assetGuid: 
  m_Mesh: {fileID: 0}
  m_VersionIndex: 0
  m_IsSelectable: 1
  m_SelectedFaces: 
  m_SelectedEdges: []
  m_SelectedVertices: 
--- !u!23 &3421454279589978244
MeshRenderer:
  m_ObjectHideFlags: 0
  m_CorrespondingSourceObject: {fileID: 0}
  m_PrefabInstance: {fileID: 0}
  m_PrefabAsset: {fileID: 0}
  m_GameObject: {fileID: 7834957801729548929}
  m_Enabled: 1
  m_CastShadows: 1
  m_ReceiveShadows: 1
  m_DynamicOccludee: 1
  m_MotionVectors: 1
  m_LightProbeUsage: 1
  m_ReflectionProbeUsage: 1
  m_RayTracingMode: 2
  m_RayTraceProcedural: 0
  m_RenderingLayerMask: 257
  m_RendererPriority: 0
  m_Materials:
  - {fileID: 2100000, guid: af02919ad4daa2d44b851bfbb4bf1730, type: 2}
  - {fileID: 2100000, guid: 8aac9c1af5caf8341a4ae0e89cdf3317, type: 2}
  m_StaticBatchInfo:
    firstSubMesh: 0
    subMeshCount: 0
  m_StaticBatchRoot: {fileID: 0}
  m_ProbeAnchor: {fileID: 0}
  m_LightProbeVolumeOverride: {fileID: 0}
  m_ScaleInLightmap: 1
  m_ReceiveGI: 1
  m_PreserveUVs: 0
  m_IgnoreNormalsForChartDetection: 0
  m_ImportantGI: 0
  m_StitchLightmapSeams: 1
  m_SelectedEditorRenderState: 2
  m_MinimumChartSize: 4
  m_AutoUVMaxDistance: 0.5
  m_AutoUVMaxAngle: 89
  m_LightmapParameters: {fileID: 0}
  m_SortingLayerID: 0
  m_SortingLayer: 0
  m_SortingOrder: 0
  m_AdditionalVertexStreams: {fileID: 0}
--- !u!33 &1075423394502831571
MeshFilter:
  m_ObjectHideFlags: 0
  m_CorrespondingSourceObject: {fileID: 0}
  m_PrefabInstance: {fileID: 0}
  m_PrefabAsset: {fileID: 0}
  m_GameObject: {fileID: 7834957801729548929}
  m_Mesh: {fileID: 0}
--- !u!65 &728419626783124128
BoxCollider:
  m_ObjectHideFlags: 0
  m_CorrespondingSourceObject: {fileID: 0}
  m_PrefabInstance: {fileID: 0}
  m_PrefabAsset: {fileID: 0}
  m_GameObject: {fileID: 7834957801729548929}
  m_Material: {fileID: 0}
  m_IsTrigger: 0
  m_Enabled: 1
  serializedVersion: 2
  m_Size: {x: 0.5104084, y: 0.51040816, z: 0.3843789}
  m_Center: {x: 0.125, y: 0.125, z: -0.15414691}
--- !u!114 &4355212178448462627
MonoBehaviour:
  m_ObjectHideFlags: 0
  m_CorrespondingSourceObject: {fileID: 0}
  m_PrefabInstance: {fileID: 0}
  m_PrefabAsset: {fileID: 0}
  m_GameObject: {fileID: 7834957801729548929}
  m_Enabled: 1
  m_EditorHideFlags: 0
  m_Script: {fileID: 11500000, guid: 1455e02158e6b0e4da2af36568fe2cc1, type: 3}
  m_Name: 
  m_EditorClassIdentifier: 
  objectToActivate: {fileID: 7834957801729548929}
  hasAnimation: 1
  spawnObjectOnInteract: 0
  timeToSpawn: 0
  objectToSpawn: {fileID: 0}
  placeToSpawn: {fileID: 0}
  interactAudio: {fileID: 0}
--- !u!82 &7834957801729548930
AudioSource:
  m_ObjectHideFlags: 0
  m_CorrespondingSourceObject: {fileID: 0}
  m_PrefabInstance: {fileID: 0}
  m_PrefabAsset: {fileID: 0}
  m_GameObject: {fileID: 7834957801729548929}
  m_Enabled: 1
  serializedVersion: 4
  OutputAudioMixerGroup: {fileID: 0}
  m_audioClip: {fileID: 8300000, guid: 799ed8d6778f10d43ae584a75566282d, type: 3}
  m_PlayOnAwake: 0
  m_Volume: 1
  m_Pitch: 1
  Loop: 0
  Mute: 0
  Spatialize: 0
  SpatializePostEffects: 0
  Priority: 128
  DopplerLevel: 1
  MinDistance: 1
  MaxDistance: 500
  Pan2D: 0
  rolloffMode: 0
  BypassEffects: 0
  BypassListenerEffects: 0
  BypassReverbZones: 0
  rolloffCustomCurve:
    serializedVersion: 2
    m_Curve:
    - serializedVersion: 3
      time: 0
      value: 1
      inSlope: 0
      outSlope: 0
      tangentMode: 0
      weightedMode: 0
      inWeight: 0.33333334
      outWeight: 0.33333334
    - serializedVersion: 3
      time: 1
      value: 0
      inSlope: 0
      outSlope: 0
      tangentMode: 0
      weightedMode: 0
      inWeight: 0.33333334
      outWeight: 0.33333334
    m_PreInfinity: 2
    m_PostInfinity: 2
    m_RotationOrder: 4
  panLevelCustomCurve:
    serializedVersion: 2
    m_Curve:
    - serializedVersion: 3
      time: 0
      value: 0
      inSlope: 0
      outSlope: 0
      tangentMode: 0
      weightedMode: 0
      inWeight: 0.33333334
      outWeight: 0.33333334
    m_PreInfinity: 2
    m_PostInfinity: 2
    m_RotationOrder: 4
  spreadCustomCurve:
    serializedVersion: 2
    m_Curve:
    - serializedVersion: 3
      time: 0
      value: 0
      inSlope: 0
      outSlope: 0
      tangentMode: 0
      weightedMode: 0
      inWeight: 0.33333334
      outWeight: 0.33333334
    m_PreInfinity: 2
    m_PostInfinity: 2
    m_RotationOrder: 4
  reverbZoneMixCustomCurve:
    serializedVersion: 2
    m_Curve:
    - serializedVersion: 3
      time: 0
      value: 1
      inSlope: 0
      outSlope: 0
      tangentMode: 0
      weightedMode: 0
      inWeight: 0.33333334
      outWeight: 0.33333334
    m_PreInfinity: 2
    m_PostInfinity: 2
    m_RotationOrder: 4
--- !u!95 &7834957801729548931
Animator:
  serializedVersion: 3
  m_ObjectHideFlags: 0
  m_CorrespondingSourceObject: {fileID: 0}
  m_PrefabInstance: {fileID: 0}
  m_PrefabAsset: {fileID: 0}
  m_GameObject: {fileID: 7834957801729548929}
  m_Enabled: 1
  m_Avatar: {fileID: 0}
  m_Controller: {fileID: 9100000, guid: a114cbd1d90b5f64c977f87a27758dbb, type: 2}
  m_CullingMode: 0
  m_UpdateMode: 0
  m_ApplyRootMotion: 0
  m_LinearVelocityBlending: 0
  m_WarningMessage: 
  m_HasTransformHierarchy: 1
  m_AllowConstantClipSamplingOptimization: 1
  m_KeepAnimatorControllerStateOnDisable: 0
