%YAML 1.1
%TAG !u! tag:unity3d.com,2011:
--- !u!1 &8432489395928464460
GameObject:
  m_ObjectHideFlags: 0
  m_CorrespondingSourceObject: {fileID: 0}
  m_PrefabInstance: {fileID: 0}
  m_PrefabAsset: {fileID: 0}
  serializedVersion: 6
  m_Component:
  - component: {fileID: 7586685583395178887}
  - component: {fileID: 6884486229939683497}
  - component: {fileID: 6925991999967818580}
  - component: {fileID: 4618640874410798853}
  - component: {fileID: 602430256907898028}
  - component: {fileID: 9063350595014526754}
  - component: {fileID: 7586685584658326993}
  m_Layer: 6
  m_Name: HandgunAmmoClosed
  m_TagString: Holdable
  m_Icon: {fileID: 0}
  m_NavMeshLayer: 0
  m_StaticEditorFlags: 0
  m_IsActive: 1
--- !u!4 &7586685583395178887
Transform:
  m_ObjectHideFlags: 0
  m_CorrespondingSourceObject: {fileID: 0}
  m_PrefabInstance: {fileID: 0}
  m_PrefabAsset: {fileID: 0}
  m_GameObject: {fileID: 8432489395928464460}
  m_LocalRotation: {x: -0.8891599, y: -0.007657733, z: 0.45751482, w: 0.0040384037}
  m_LocalPosition: {x: -134.303, y: 0.708, z: -60.588}
  m_LocalScale: {x: 1, y: 1, z: 1}
  m_Children: []
  m_Father: {fileID: 0}
  m_RootOrder: 0
  m_LocalEulerAnglesHint: {x: -0.01, y: -125.544, z: 179.008}
--- !u!33 &6884486229939683497
MeshFilter:
  m_ObjectHideFlags: 0
  m_CorrespondingSourceObject: {fileID: 0}
  m_PrefabInstance: {fileID: 0}
  m_PrefabAsset: {fileID: 0}
  m_GameObject: {fileID: 8432489395928464460}
  m_Mesh: {fileID: 1003040889545224833, guid: 45cb34462a372bd4596fbdd87ae4fd29, type: 3}
--- !u!23 &6925991999967818580
MeshRenderer:
  m_ObjectHideFlags: 0
  m_CorrespondingSourceObject: {fileID: 0}
  m_PrefabInstance: {fileID: 0}
  m_PrefabAsset: {fileID: 0}
  m_GameObject: {fileID: 8432489395928464460}
  m_Enabled: 1
  m_CastShadows: 1
  m_ReceiveShadows: 1
  m_DynamicOccludee: 1
  m_MotionVectors: 1
  m_LightProbeUsage: 1
  m_ReflectionProbeUsage: 1
  m_RayTracingMode: 2
  m_RayTraceProcedural: 0
  m_RenderingLayerMask: 1
  m_RendererPriority: 0
  m_Materials:
  - {fileID: 2100000, guid: e64bd17c6eee1004893657052d0a82a7, type: 2}
  m_StaticBatchInfo:
    firstSubMesh: 0
    subMeshCount: 0
  m_StaticBatchRoot: {fileID: 0}
  m_ProbeAnchor: {fileID: 0}
  m_LightProbeVolumeOverride: {fileID: 0}
  m_ScaleInLightmap: 1
  m_ReceiveGI: 1
  m_PreserveUVs: 0
  m_IgnoreNormalsForChartDetection: 0
  m_ImportantGI: 0
  m_StitchLightmapSeams: 1
  m_SelectedEditorRenderState: 3
  m_MinimumChartSize: 4
  m_AutoUVMaxDistance: 0.5
  m_AutoUVMaxAngle: 89
  m_LightmapParameters: {fileID: 0}
  m_SortingLayerID: 0
  m_SortingLayer: 0
  m_SortingOrder: 0
  m_AdditionalVertexStreams: {fileID: 0}
--- !u!54 &4618640874410798853
Rigidbody:
  m_ObjectHideFlags: 0
  m_CorrespondingSourceObject: {fileID: 0}
  m_PrefabInstance: {fileID: 0}
  m_PrefabAsset: {fileID: 0}
  m_GameObject: {fileID: 8432489395928464460}
  serializedVersion: 2
  m_Mass: 1
  m_Drag: 0
  m_AngularDrag: 0.05
  m_UseGravity: 1
  m_IsKinematic: 0
  m_Interpolate: 0
  m_Constraints: 0
  m_CollisionDetection: 0
--- !u!65 &602430256907898028
BoxCollider:
  m_ObjectHideFlags: 0
  m_CorrespondingSourceObject: {fileID: 0}
  m_PrefabInstance: {fileID: 0}
  m_PrefabAsset: {fileID: 0}
  m_GameObject: {fileID: 8432489395928464460}
  m_Material: {fileID: 0}
  m_IsTrigger: 1
  m_Enabled: 1
  serializedVersion: 2
  m_Size: {x: 1, y: 1, z: 1}
  m_Center: {x: 0, y: 0, z: 0}
--- !u!65 &9063350595014526754
BoxCollider:
  m_ObjectHideFlags: 0
  m_CorrespondingSourceObject: {fileID: 0}
  m_PrefabInstance: {fileID: 0}
  m_PrefabAsset: {fileID: 0}
  m_GameObject: {fileID: 8432489395928464460}
  m_Material: {fileID: 0}
  m_IsTrigger: 0
  m_Enabled: 1
  serializedVersion: 2
  m_Size: {x: 0.28139648, y: 0.14415039, z: 0.080721304}
  m_Center: {x: -0.0629541, y: -0.00006835948, z: 0.040361784}
--- !u!114 &7586685584658326993
MonoBehaviour:
  m_ObjectHideFlags: 0
  m_CorrespondingSourceObject: {fileID: 0}
  m_PrefabInstance: {fileID: 0}
  m_PrefabAsset: {fileID: 0}
  m_GameObject: {fileID: 8432489395928464460}
  m_Enabled: 1
  m_EditorHideFlags: 0
  m_Script: {fileID: 11500000, guid: 63b3ec22005d9d04b92ba6bc68d11f50, type: 3}
  m_Name: 
  m_EditorClassIdentifier: 
  uniqueID: 
  objectID: 4
  currentPosition:
    x: 0
    y: 0
    z: 0
  lastKnownPosition:
    x: 0
    y: 0
    z: 0
  currentRotation:
    x: 0
    y: 0
    z: 0
    w: 0
  lastKnownRotation:
    x: 0
    y: 0
    z: 0
    w: 0
  isNotActive: 0
  isPickedUp: 0
  playerCurrentInventory: {fileID: 11400000, guid: 5b2c0c25a348134469d44944fcb1feaf, type: 2}
  ammoToIncrease: {fileID: 11400000, guid: d4b7e863d3b4f804e815b22b9984ec06, type: 2}
  ammoToIncreaseMax: {fileID: 11400000, guid: edf6177b186162c479b087e5cb8f835e, type: 2}
  amountToIncrease: 36
